@book{BanksKuhn89,
	author={H.T. Banks and K. Kunisch},
	title={Estimation Techniques for Distributed Parameter Systems},
	publisher={Birkh{\"a}user},
	year={1989},
}

@article{BecRann01,
	author={Roland Becker and Rolf Rannacher},
	title={An optimal control approach to a posteriori error estimation in finite element methods},
	journal={Acta Numerica},
	volume={10},
	pages={1-102},
	year={2001},
}

@article{BecVex05,
	author={Roland Becker and Boris Vexler},
	title = {Mesh refinement and numerical sensitivity analysis for parameter calibration of partial differential equations},
	journal={Journal of Computational Physics},
	volume={206},
	pages={95-110},
	year={2005},
}

@article{LiebWill13,
	author={Chad Lieberman and Karen Willcox},
	title={Goal-Oriented Inference: Approach, Linear Theory, and Application to Advection Diffusion},
	journal={SIAM Review},
	volume={55},
	number={3},
	pages={493-519},
	year={2013},
}

@article{OdenPrudetal06},
	author={J. Tinsley Oden, Serge Prudhomme, Albert Romkes, and Paul T. Bauman},
	title={Multiscale Modeling of Physical Phenomena: Adaptive Control of Models},
	journal={SIAM Journal of Scientific Computing},
	volume={28},
	number={6},
	pages={2359-2389},
	year={2006},
}

@article{PrudOden99,
	author={Serge Prudhomme and J. Tinsley Oden},
	title={On goal-oriented error estimation for elliptic problems: application to the control of pointwise errors},
	journal={Computer Methods in Applied Mechanics and Engineering},
	volume={173},
	pages={313-331},
	year={1999},
}

@book{Taran05,
	author={Albert Tarantola},
	title={Inverse Problem Theory and Methods for Model Parameter Estimation},
	publisher={Society for Industrial and Applied Mathematics},
	year={2005},
}

@article{VendDarm00,
	author={David A. Venditti and David L. Darmofal},
	title={Adjoint Error Estimation and Grid Adaptation for Functional Outputs: Application to Quasi-One-Dimensional Flow},
	journal={Journal of Computational Physics},
	volume={164},
	pages={204-227},
	year={2000},
}

@phdthesis{Yano12,
	author={Masayuki Yano},
	title={An Optimization Framework for Adaptive Higher-Order Discretizations of Partial Differential Equations on Anisotropic Simplex Meshes},
	school={Massachusetts Institute of Technology},
	year={2012},
}
