@article{Abra98,
	author={Farid F. Abraham and Jeremy Q. Broughton and Noam Bernstein and Efthimios Kaxiras},
	title={Spanning the Length Scales in Dynamic Simulation},
	journal={Computers in Physics},
	volume={12},
	number={6},
	pages={538-546},
	year={1998},
}

@article{Aha97,
  author={E. Aharonov and M. Spiegelman and P. Kelemen},
  title={Three-dimensional flow and reaction in porous media: Implications for the Earth's mantle and sedimentary basins},
  journal={Journal of Geophysical Research},
  year={1997},
  volume={102},
  number={B7},
  pages={14821-114833},
}

@article{AlexGarTar02,
	author={Francis J. Alexander and Alejandro L. Garcia and Daniel M. Tartakovsky},
	title={Algorithm Refinement for Stochastic Partial Differential Equations, 1: Linear Diffusion},
	journal={Journal of Computational Physics},
	volume={182},
	pages={47-66},
	year={2002},
}

@book{Alif94,
	author={Oleg M. Alifanov},
	title={Inverse Heat Transfer Problems},
	publisher={Springer-Verlag Berlin Heidelberg},
	year={1994},
}

@article{AntHein10,
	year={2010},
	journal={Computing and Visualization in Science},
	volume={13},
	number={6},
	title={Domain decomposition and model reduction for the numerical solution of PDE constrained optimization problems with localized optimization variables},
	author={Harbir Antil and Matthias Heinkenschloss and Ronald H.W. Hoppe and Danny C. Sorensen},
	pages={249-264},
}

@article{Arr99,
	author={S.R. Arridge},
	title={Optical tomography in medical imaging},
	journal={Inverse Problems},
	volume={15},
	pages={R41-R93},
	year={1999},
}

@book{BanksKuhn89,
	author={H.T. Banks and K. Kunisch},
	title={Estimation Techniques for Distributed Parameter Systems},
	publisher={Birkh{\"a}user},
	year={1989},
}

@article{BaoLiu03,
	author={Gang Bao and Jun Liu},
	title={Numerical Solution of Inverse Scattering Problems with Multi-Experimental Limited Aperture Data},
	journal={SIAM Journal on Scientific Computing},
	volume={25},
	number={3},
	pages={1102-1117},
	year={2003},
}

@article{BecRann01,
	author={Roland Becker and Rolf Rannacher},
	title={An optimal control approach to a posteriori error estimation in finite element methods},
	journal={Acta Numerica},
	volume={10},
	pages={1-102},
	year={2001},
}

@article{BecVex05,
	author={Roland Becker and Boris Vexler},
	title = {Mesh refinement and numerical sensitivity analysis for parameter calibration of partial differential equations},
	journal={Journal of Computational Physics},
	volume={206},
	pages={95-110},
	year={2005},
}

@article{Con14,
	author={Patrick R. Conrad and Youseff M. Marzouk and Natesh S. Pillai and Aaron Smith},
	title={Accelerating Asymptotically Exact {MCMC} for Computationally Intensive Models via Local Approximations},
  journal={ArXiv e-prints},
  year={2014},
}

@article{Davis86,
  author={Arden D. Davis},
  title={Deterministic modeling of dispersion in heterogeneous permeable media},
  journal={Ground Water},
  volume={24},
  number={5},
  year={1986},
}

@incollection{Hanke00,
	year={2000},
	booktitle={Surveys on Solution Methods for Inverse Problems},
	editor={David Colton and others},
	title={Iterative Regularization Techniques in Image Reconstruction},
	publisher={Springer Vienna},
	author={Martin Hanke},
	pages={35-52},
}

@book{EngHanNeu00,
	author={Heinz W. Engl and Martin Hanke and Andreas Neubauer},
	title={Regularization of Inverse Problems},
	publisher={Springer Science and Business Media},
	year={2000},
}

@article{Haoetal03,
	author={Su Hao and others},
	title={Multi-scale constitutive model and computational framework for the design of ultra-high strength, high toughness steels},
	journal={Computer Methods in Applied Mechanics and Engineering},
	volume={193},
	pages={1865-1908},
	year={2004},
}

@inbook{Jack94,
  author={Jeremiah D. Jackson and Kent Zenobia},
  title={Using Microbial Kinetics in the Bioremediation of Contaminated Soils},
  booktitle={Remediation of hazardous waste contaminated soils},
  publisher={CRC Press},
  year={1994},
  chapter={28},
  pages={681-690},
}

@article{Khareetal08,
	author={Roopam Khare and Steven L. Mielke and George C. Schatz and Ted Belytschko},
	title={Multiscale coupling schemes spanning the quantum mechanical, atomistic forcefield, and continuum regimes},
	journal={Computer Methods in Applied Mechanics and Engineering},
	volume={197},
	pages={3190-3202},
	year={2008},
}

@article{libMeshPaper,
  author = {B.~S.~Kirk and J.~W.~Peterson and R.~H.~Stogner and G.~F.~Carey},
  title = {{\texttt{libMesh}: A C++ Library for Parallel Adaptive Mesh Refinement/Coarsening Simulations}},
  journal = {Engineering with Computers},
  volume = {22},
  number = {3--4},
  pages = {237--254},
  year = {2006},
  note = {\url{http://dx.doi.org/10.1007/s00366-006-0049-3}}
}

@article{LiebWill13,
	author={Chad Lieberman and Karen Willcox},
	title={Goal-Oriented Inference: Approach, Linear Theory, and Application to Advection Diffusion},
	journal={SIAM Review},
	volume={55},
	number={3},
	pages={493-519},
	year={2013},
}

@article{LucKinBer02,
	author={David J. Lucia and Paul I. King and Phillip S. Beran},
	title={Domain Decomposition for Reduced-Order Modeling of a Flow with Moving Shocks},
	journal={AIAA Journal},
	volume={40},
	number={11},
	pages={2360-2362},
	year={2002},
}

@article{Martetal12,
	author={James Martin and Lucas C. Wilcox and Carsten Burstedde and Omar Ghattas},
	title={A stochastic {N}ewton {MCMC} Method for Large-Scale Statistical Inverse Problems with Application to Seismic Inversion},
	journal={SIAM Journal on Scientific Computing},
	volume={34},
	number={3},
	pages={A1460-A1487},
	year={2012},
}

@article{Ober04,
	author={William L. Oberkampf and others},
	title={Challenge problems: uncertainty in system response given uncertain parameters},
	journal={Reliability Engineering \& System Safety},
	volume={85},
	pages={11-19},
	year={2004},
}

@article{OdenPrudetal06,
	author={J. Tinsley Oden and Serge Prudhomme and Albert Romkes and Paul T. Bauman},
	title={Multiscale Modeling of Physical Phenomena: Adaptive Control of Models},
	journal={SIAM Journal on Scientific Computing},
	volume={28},
	number={6},
	pages={2359-2389},
	year={2006},
}

@incollection{OdenPrudetal10,
  author={J. T. Oden and S. Prudhomme and P. T. Bauman and L. Chamoin},
  title={Estimation and Control of Modeling Error: A General Approach to Multiscale Modeling},
  editor={Jacob Fish},
  booktitle={Multiscale Methods: Bridging the Scales in Science and Engineering},
  publisher={Oxford University Press},
  year={2010},
  pages={285-304},
  chapter={10},
}

@book{OliReyLiu08,
	author={Dean S. Oliver and Albert C. Reynolds and Liu Ning},
	title={Inverse Theory for Petroleum Reservoir Characterization and History Matching},
	publisher={Cambridge University Press},
	year={2008},
}

@article{PrudOden99,
	author={Serge Prudhomme and J. Tinsley Oden},
	title={On goal-oriented error estimation for elliptic problems: application to the control of pointwise errors},
	journal={Computer Methods in Applied Mechanics and Engineering},
	volume={173},
	pages={313-331},
	year={1999},
}

@article{Ren10,
	author={Kui Ren},
	title={Recent Developments in Numerical Techniques for Transport-Based Medical Imaging Methods},
	journal={Communications in Computational Physics},
	volume={8},
	number={1},
	pages={1-50},
	year={2010},
}

@book{Sun99,
	author={Ne-Zheng Sun},
	title={Inverse Problems in Groundwater Modeling},
	series={Theory and Applications of Transport in Porous Media},
	volume={6},
	publisher={Springer Netherlands},
	year={1999},
}

@book{Taran05,
	author={Albert Tarantola},
	title={Inverse Problem Theory and Methods for Model Parameter Estimation},
	publisher={Society for Industrial and Applied Mathematics},
	year={2005},
}

@article{vanOpstaletal15,
	author={T.M. van Opstal and P.T. Bauman and S. Prudhomme and E.H. van Brummelen},
	title={Goal-oriented model adaptivity for viscous incompressible flows},
	journal={Computational Mechanics},
	pages={1-10},
	year={2015},
}

@article{VendDarm00,
	author={David A. Venditti and David L. Darmofal},
	title={Adjoint Error Estimation and Grid Adaptation for Functional Outputs: Application to Quasi-One-Dimensional Flow},
	journal={Journal of Computational Physics},
	volume={164},
	pages={204-227},
	year={2000},
}

@book{Vestedetal93,
  title={Advection-Dispersion Review: Rivers and Groundwater},
  author={H.J. Vested and K.W. Olesen and A. Refsgaard and P. Engesgaard and A. Malmgren-Hansen},
  series={EUR 15107 EN},
  year={1993},
  publisher={Commission of the European Communities}
}

@phdthesis{Yano12,
	author={Masayuki Yano},
	title={An Optimization Framework for Adaptive Higher-Order Discretizations of Partial Differential Equations on Anisotropic Simplex Meshes},
	school={Massachusetts Institute of Technology},
	year={2012},
}
